% This file was created with JabRef 2.6.
% Encoding: UTF8
@misc{ wiki:CAPTCHA,
   author = "Wikipedia",
   title = "CAPTCHA --- {W}ikipedia{,} The Free Encyclopedia",
   year = "2019",
   url = {https://cs.wikipedia.org/wiki/CAPTCHA}
 }
 
@misc{ web:techcrunch,
  author = "TechCruch",
  title = "reCAPTCHA: Using Captchas To Digitize Books | TechCruch",
  year = "2019",
  url = {https://techcrunch.com/2007/09/16/recaptcha-using-captchas-to-digitize-books/}
}

@misc{ web:textcaptcha,
  author = "Rob Tuley",
  title = "TextCaptcha: textual CAPTCHA challenges",
  year = "2019",
  url = {http://textcaptcha.com/}
}

@inproceedings{43464,
title	= {The End is Nigh: Generic Solving of Text-based CAPTCHAs},
author	= {Elie Bursztein and Jonathan Aigrain and Angelika Moscicki and John C. Mitchell},
year	= {2014},
URL	= {https://www.elie.net/publication/the-end-is-nigh-generic-solving-of-text-based-captchas},
booktitle	= {WOOT'14 Proceedings of the 8th USENIX conference on Offensive Technologies}
}

@inproceedings{Kopp2016HowTM,
  title={How to Mimic Humans, Guide for Computers},
  author={Martin Kopp and Matous Pistora and Martin Holena},
  booktitle={ITAT},
  year={2016}
}

@misc{ web:akita,
  author = "Ak1T4",
  title = "Bypassing Captcha Like a Boss",
  year = "2019",
  url = {https://medium.com/bugbountywriteup/bypassing-captcha-like-a-boss-d0edcc3a1c1}
}
